<record><leader>00000cas a22000007a 4500</leader><controlfield tag="001">21922007</controlfield><controlfield tag="008">900626d189u1uuucoudn ne      0    0eng d</controlfield><datafield ind1=" " ind2=" " tag="010"><subfield code="a">sn 90051404 </subfield></datafield><datafield ind1=" " ind2=" " tag="040"><subfield code="a">CNQ</subfield><subfield code="b">eng</subfield><subfield code="c">CNQ</subfield><subfield code="d">OCLCQ</subfield></datafield><datafield ind1=" " ind2=" " tag="042"><subfield code="a">msc</subfield></datafield><datafield ind1="0" ind2="0" tag="245"><subfield code="a">Del Norte daily enquirer.</subfield></datafield><datafield ind1=" " ind2=" " tag="260"><subfield code="a">Del Norte, Colo. :</subfield><subfield code="b">Jno. H. Bloom</subfield></datafield><datafield ind1=" " ind2=" " tag="300"><subfield code="a">v.</subfield></datafield><datafield ind1=" " ind2=" " tag="310"><subfield code="a">Daily (except Sun.)</subfield></datafield><datafield ind1=" " ind2=" " tag="588"><subfield code="a">Description based on: 6th year, no. 1,643 (Dec. 17, 1897).</subfield></datafield><datafield ind1=" " ind2=" " tag="752"><subfield code="a">United States</subfield><subfield code="b">Colorado</subfield><subfield code="c">Rio Grande</subfield><subfield code="d">Del Norte.</subfield></datafield><datafield ind1="0" ind2="0" tag="780"><subfield code="t">Del Norte enquirer</subfield><subfield code="w">(DLC)sn 90051233</subfield></datafield></record>